<?xml version="1.0" encoding="UTF-8"?><collection xmlns="http://www.loc.gov/MARC21/slim"><record><leader>00430nam--2200121-i-4500</leader><controlfield tag="001">000032525</controlfield><controlfield tag="002">20161230</controlfield><controlfield tag="005">20161230201039</controlfield><controlfield tag="008">060222s1000------------r-----000-0-eng-d</controlfield><datafield ind1=" " ind2=" " tag="100"><subfield code="a">Margolis, Emil J</subfield></datafield><datafield ind1=" " ind2=" " tag="245"><subfield code="a">Chemical principles in calculations of ionic  equilibria. solution theory for general chemistry, qualitative analysis and quantitative analysis</subfield></datafield><datafield ind1=" " ind2=" " tag="260"><subfield code="a">New York, The Macmillan Limited, 1966, Vii + 482p</subfield></datafield><datafield ind1=" " ind2=" " tag="852"><subfield code="a">76803</subfield></datafield></record></collection>